@article{barboza2018InvariantSolutionsEinstein,
  title     = {Invariant Solutions for the {{Einstein}} Field Equation},
  author    = {Barboza, Marcelo and Leandro, Benedito and Pina, Romildo},
  year      = {2018},
  journal   = {Journal of Mathematical Physics},
  volume    = {59},
  number    = {6},
  pages     = {062501},
  issn      = {0022-2488, 1089-7658},
  doi       = {10.1063/1.5016154},
  urldate   = {2018-07-28},
  langid    = {english},
}

@article{barboza2020RigidityResultsQuotient,
  title     = {Rigidity Results for Quotient Almost {{Yamabe}} Solitons},
  author    = {Barboza, Marcelo Bezerra and Tokura, Willian Isao and Batista, Elismar Dias and Kai, Priscila Marques},
  year      = {2020},
  doi       = {10.48550/arXiv.2011.03569},
  urldate   = {2022-03-21},
  langid    = {english}
}

@book{barry2021ProbabilidadeUmCurso,
  title      = {{Probabilidade: um curso em n{\'i}vel intermedi{\'a}rio}},
  shorttitle = {{Probabilidade}},
  author     = {Barry R., James},
  year       = {2021},
  publisher  = {{Associa{\c c}{\~a}o Instituto Nacional de Matem{\'a}tica Pura e Aplicada}},
  isbn       = {978-85-244-0455-9},
  langid     = {brazilian}
}

@book{berry2017LaTeX2EUnofficial,
  title      = {LaTeX {{2E}}: An Unofficial Reference Manual},
  shorttitle = {LaTeX {{2E}}},
  author     = {Berry, Karl and Gilmore, Stephen and Martinsen, Torsten},
  year       = {2017},
  publisher  = {{12th Media Services}},
  address    = {{Place of publication not identified}},
  isbn       = {978-1-68092-124-3},
  langid     = {english},
  annotation = {OCLC: 1020283618}
}

@book{besse2008EinsteinManifoldsReprint,
  title      = {Einstein {{Manifolds}}: Reprint of the 1987 Edition, with 22 Figures},
  shorttitle = {Einstein {{Manifolds}}},
  author     = {Besse, A. L.},
  year       = {2008},
  series     = {Classics in Mathematics},
  edition    = {"Reprint of the 1987 Edition." -- t.p},
  publisher  = {{Springer}},
  address    = {{Berlin ; New York}},
  isbn       = {978-3-540-74120-6},
  lccn       = {QA649 .B49 2008},
  keywords   = {Einstein manifolds,{Geometry, Riemannian},Relativity (Physics)},
  annotation = {OCLC: ocn183259557},
}

@book{bredon1972IntroductionCompactTransformation,
  title      = {Introduction to Compact Transformation Groups},
  author     = {Bredon, Glen E},
  year       = {1972},
  publisher  = {{Academic Press}},
  address    = {{New York}},
  urldate    = {2018-11-09},
  isbn       = {978-0-12-128850-1 978-0-08-087359-6},
  langid     = {english},
  annotation = {OCLC: 316553010},
}

@article{cao1994RicciCurvatureEquation,
  title      = {The {{Ricci Curvature Equation}} with {{Rotational Symmetry}}},
  author     = {Cao, Jianguo and DeTurck, Dennis},
  year       = {1994},
  journal    = {American Journal of Mathematics},
  volume     = {116},
  number     = {2},
  eprint     = {2374929},
  eprinttype = {jstor},
  pages      = {219},
  issn       = {00029327},
  doi        = {10.2307/2374929},
  urldate    = {2022-03-18},
}

@book{carmo2018DifferentialGeometryCurves,
  title     = {Differential Geometry of Curves \& Surfaces},
  author    = {do Carmo, Manfredo Perdig{\~a}o},
  year      = {2018},
  edition   = {Revised \& updated second edition},
  publisher = {{Dover Publications, INC}},
  address   = {{Mineola, New York}},
  isbn      = {978-0-486-80699-0},
  lccn      = {QA641 .B32 2018},
  keywords  = {Curves,Curves on surfaces,{Geometry, Differential},Surfaces}
}

@book{carmo1992RiemannianGeometry,
  title     = {Riemannian Geometry},
  author    = {do Carmo, Manfredo Perdig{\~a}o},
  year      = {1992},
  series    = {Mathematics. {{Theory}} \& Applications},
  publisher = {{Birkh{\"a}user}},
  address   = {{Boston}},
  isbn      = {978-0-8176-3490-2 978-3-7643-3490-1},
  langid    = {english},
  lccn      = {QA649 .C2913 1992},
  keywords  = {{Geometry, Riemannian}}
}

@book{chacon2014ProGitEverything,
  title      = {Pro {{Git}}: Everything You Need to Know about {{Git}}},
  shorttitle = {Pro {{Git}}},
  author     = {Chacon, Scott and Straub, Ben},
  year       = {2014},
  series     = {The Expert's Voice},
  edition    = {2. ed},
  publisher  = {{Apress/Springer}},
  address    = {{New York, NY}},
  isbn       = {978-1-4842-0077-3},
  langid     = {english},
}

@book{choquetbruhat2009GeneralRelativityEinstein,
  title      = {General Relativity and the {{Einstein}} Equations},
  author     = {{Choquet-Bruhat}, Yvonne},
  year       = {2009},
  series     = {Oxford Mathematical Monographs},
  publisher  = {{Oxford University Press}},
  address    = {{Oxford ; New York}},
  isbn       = {978-0-19-923072-3},
  lccn       = {QC173.6 .C474 2009},
  keywords   = {General relativity (Physics),Mathematics},
  annotation = {OCLC: ocn209815586},
}

@article{dajczer2021ClassEinsteinSubmanifolds,
  title         = {A Class of {{Einstein}} Submanifolds of {{Euclidean}} Space},
  author        = {Dajczer, M. and Onti, C.-R. and Vlachos, Th},
  year          = {2021},
  journal       = {arXiv:2103.00224 [math]},
  eprint        = {2103.00224},
  primaryclass  = {math},
  urldate       = {2021-03-02},
  archiveprefix = {arxiv},
  keywords      = {Mathematics - Differential Geometry},
}

@book{dicks1989GroupsActingGraphs,
  title     = {Groups Acting on Graphs},
  author    = {Dicks, Warren and Dunwoody, M. J.},
  year      = {1989},
  series    = {Cambridge Studies in Advanced Mathematics},
  number    = {17},
  publisher = {{Cambridge university press}},
  address   = {{Cambridge}},
  isbn      = {978-0-521-23033-9},
  langid    = {english},
  lccn      = {512.2}
}

@book{einstein2005MeaningRelativity,
  title     = {The Meaning of Relativity},
  author    = {Einstein, Albert},
  year      = {2005},
  series    = {The {{Stafford Little}} Lectures},
  edition   = {Expanded Princeton science library ed. with a new introduction by Brian Greene, 2005},
  number    = {1921},
  publisher = {{Princeton University Press}},
  address   = {{Princeton}},
  isbn      = {978-0-691-12027-0},
  langid    = {english},
  lccn      = {QC6 .E43 2005},
  keywords  = {Relativity (Physics)},
}

@article{galazgarcia2018CohomogeneityOneTopological,
  title   = {Cohomogeneity One Topological Manifolds Revisited},
  author  = {{Galaz-Garc{\'i}a}, Fernando and Zarei, Masoumeh},
  year    = {2018},
  journal = {Mathematische Zeitschrift},
  volume  = {288},
  number  = {3-4},
  pages   = {829--853},
  issn    = {0025-5874, 1432-1823},
  doi     = {10.1007/s00209-017-1915-y},
  urldate = {2018-09-26},
  langid  = {english},
}

@article{halasi2012ConjugacyExpansivenessFinite,
  title     = {Conjugacy Expansiveness in Finite Groups},
  author    = {Halasi, Zolt{\'a}n and Mar{\'o}ti, Attila and Sidki, Said and Bezerra, Marcelo},
  year      = {2012},
  journal   = {Journal of Group Theory},
  volume    = {15},
  number    = {4},
  issn      = {1433-5883, 1435-4446},
  doi       = {10.1515/jgt-2012-0004},
  urldate   = {2022-03-20},
}

@book{hawking2008LargeScaleStructure,
  title      = {The Large Scale Structure of Space-Time},
  author     = {Hawking, S. W. and Ellis, G. F. R.},
  year       = {2008},
  series     = {Cambridge Monographs on Mathematical Physics},
  edition    = {21. printing},
  publisher  = {{Cambridge Univ. Press}},
  address    = {{Cambridge}},
  isbn       = {978-0-521-09906-6 978-0-521-20016-5},
  langid     = {english},
  annotation = {OCLC: 552219048},
}

@book{herstein2010TopicsAlgebra,
  title     = {Topics in Algebra},
  author    = {Herstein, Israel Nathan},
  year      = {2010},
  edition   = {[Reprint] 2. ed., New York u.a., Wiley, 1975},
  publisher = {{Lightning Source}},
  address   = {{Milton Keynes}},
  isbn      = {978-0-471-01090-6},
  langid    = {english}
}

@book{ilic2018MasteringVimQuickly,
  title      = {Mastering {{Vim}} Quickly},
  author     = {Ilic, Jovica},
  year       = {2018},
  publisher  = {{publisher not identified}},
  address    = {{Place of publication not identified}},
  isbn       = {978-1-983325-74-8},
  langid     = {english},
  annotation = {OCLC: 1089196561}
}

@book{iwaniec2001GeometricFunctionTheory,
  title     = {Geometric {{Function Theory}} and {{Nonlinear Analysis}}},
  author    = {Iwaniec, Tadeusz and Martin, Gaven},
  year      = {2001},
  series    = {Oxford Mathematical Monographs},
  publisher = {{Oxford University Press}},
  address   = {{Oxford ; New York}},
  isbn      = {978-0-19-850929-5},
  lccn      = {QA360 .I93 2001},
  keywords  = {Geometric function theory,Nonlinear theories,Numerical analysis},
}

@book{kargapolov1979FundamentalsTheoryGroups,
  title     = {{Fundamentals of the theory of groups}},
  author    = {Kargapolov, M. I. and Merzl\t{ia}kov, IU I.},
  year      = {1979},
  series    = {{Graduate texts in mathematics}},
  number    = {62},
  publisher = {{Springer-Verlag}},
  address   = {{New York}},
  isbn      = {978-0-387-90396-5},
  langid    = {engrus},
  lccn      = {QA171 .K3713},
  keywords  = {Group theory}
}

@article{kobayashi1981ConformallyFlatnessStaticSpaceTime,
  title     = {Conformally-{{Flatness}} and {{Static Space-Time}}},
  booktitle = {Manifolds and {{Lie Groups}}},
  author    = {Kobayashi, Osamu and Obata, Morio},
  editor    = {Hano, Jun-ichi and Morimoto, A. and Murakami, S. and Okamoto, K. and Ozeki, H.},
  year      = {1981},
  pages     = {197--206},
  publisher = {{Birkh{\"a}user Boston}},
  address   = {{Boston, MA}},
  doi       = {10.1007/978-1-4612-5987-9_10},
  urldate   = {2018-07-27},
  isbn      = {978-1-4612-5989-3 978-1-4612-5987-9},
  langid    = {english},
}

@book{kobayashi1972TransformationGroupsDifferential,
  title     = {Transformation {{Groups}} in {{Differential Geometry}}},
  author    = {Kobayashi, Shoshichi},
  year      = {1972},
  publisher = {{Springer Berlin Heidelberg}},
  address   = {{Berlin, Heidelberg}},
  doi       = {10.1007/978-3-642-61981-6},
  urldate   = {2022-05-08},
  isbn      = {978-3-540-58659-3 978-3-642-61981-6},
}

@book{kuhnel2015DifferentialGeometryCurves,
  title      = {Differential Geometry: Curves, Surfaces, Manifolds},
  shorttitle = {Differential Geometry},
  author     = {K{\"u}hnel, Wolfgang and Hunt, Bruce},
  year       = {2015},
  series     = {Student Mathematical Library},
  edition    = {Third edition},
  number     = {volume 77},
  publisher  = {{American Mathematical Society}},
  address    = {{Providence, Rhode Island}},
  isbn       = {978-1-4704-2320-9},
  langid     = {english},
  lccn       = {QA641 .K9613 2015},
  keywords   = {Curves,{Differential geometry -- Instructional exposition (textbooks, tutorial papers, etc.)},{Geometry, Differential},Manifolds (Mathematics),Surfaces},
}

@book{lamport1994LaTeXDocumentPreparation,
  title      = {{{LaTeX}}: A Document Preparation System: User's Guide and Reference Manual},
  shorttitle = {{{LaTeX}}},
  author     = {Lamport, Leslie},
  year       = {1994},
  edition    = {2nd ed},
  publisher  = {{Addison-Wesley Pub. Co}},
  address    = {{Reading, Mass}},
  isbn       = {978-0-201-52983-8},
  lccn       = {Z253.4.L38 L35 1994},
  keywords   = {Computerized typesetting,LaTeX (Computer file)}
}

@book{landau1975ClassicalTheoryFields,
  title      = {The Classical Theory of Fields},
  author     = {Landau, Lev Davidovi{\v c} and Lif{\v s}ic, Evgenij M. and Landau, Lev Davydovich},
  year       = {1975},
  series     = {Course of Theoretical Physics},
  edition    = {4. rev. English ed},
  number     = {by L. D. Landau and E. M. Lifshitz ; Vol. 2},
  publisher  = {{Pergamon Press}},
  address    = {{Oxford}},
  isbn       = {978-0-08-018176-9 978-0-7506-2768-9},
  langid     = {english},
  annotation = {OCLC: 636045398}
}

@book{lee2012IntroductionSmoothManifolds,
  title     = {Introduction to {{Smooth Manifolds}}},
  author    = {Lee, John M.},
  year      = {2012},
  series    = {Graduate {{Texts}} in {{Mathematics}}},
  volume    = {218},
  publisher = {{Springer New York}},
  address   = {{New York, NY}},
  doi       = {10.1007/978-1-4419-9982-5},
  urldate   = {2018-08-06},
  isbn      = {978-1-4419-9981-8 978-1-4419-9982-5},
}

@book{magalhaes2011ProbabilidadeVariaveisAleatorias,
  title      = {{Probabilidade e vari{\'a}veis aleat{\'o}rias}},
  author     = {Magalh{\~a}es, Marcos Nascimento},
  year       = {2011},
  publisher  = {{Edusp}},
  address    = {{S{\~a}o Paulo (SP)}},
  isbn       = {978-85-314-0945-5},
  langid     = {portuguese},
  annotation = {OCLC: 817277463}
}

@book{magnus1976CombinatorialGroupTheory,
  title      = {Combinatorial Group Theory: Presentations of Groups in Terms of Generators and Relations},
  shorttitle = {Combinatorial Group Theory},
  author     = {Magnus, Wilhelm and Karrass, Abraham and Solitar, Donald},
  year       = {1976},
  edition    = {2d rev. ed},
  publisher  = {{Dover Publications}},
  address    = {{New York}},
  isbn       = {978-0-486-63281-0},
  lccn       = {QA171 .M2 1976},
  keywords   = {Combinatorial group theory,Presentations of groups (Mathematics)}
}

@article{mounoud2003DynamicalPropertiesSpace,
  title   = {Dynamical Properties of the Space of {{Lorentzian}} Metrics},
  author  = {Mounoud, Pierre},
  year    = {2003},
  journal = {Commentarii Mathematici Helvetici},
  volume  = {78},
  number  = {3},
  pages   = {463--485},
  issn    = {0010-2571, 1420-8946},
  doi     = {10.1007/s00014-003-0767-8},
  urldate = {2022-03-28},
}

@article{mounoud2014MetricsIsometriesAre,
  title         = {Metrics without Isometries Are Generic},
  author        = {Mounoud, Pierre},
  year          = {2014},
  journal       = {arXiv:1403.0182 [math]},
  eprint        = {1403.0182},
  primaryclass  = {math},
  urldate       = {2022-03-28},
  archiveprefix = {arxiv},
  keywords      = {Mathematics - Differential Geometry},
}

@book{neil2015PracticalVimEdit,
  title      = {Practical {{Vim}}: Edit {{Text}} at the Speed of Thought},
  shorttitle = {Practical {{Vim}}},
  author     = {Neil, Drew},
  year       = {2015},
  series     = {The {{Pragmatic Programmers}}},
  edition    = {Second edition},
  publisher  = {{The Pragmatic Bookshelf}},
  address    = {{Dallas, Texas Raleigh, North Carolina}},
  isbn       = {978-1-68050-127-8},
  langid     = {english}
}

@article{nomizu1969FormulaSimonsType,
  title   = {A Formula of {{Simons}}' Type and Hypersurfaces with Constant Mean Curvature},
  author  = {Nomizu, Katsumi and Smyth, Brian},
  year    = {1969},
  journal = {Journal of Differential Geometry},
  volume  = {3},
  number  = {3-4},
  pages   = {367--377},
  issn    = {0022-040X},
  doi     = {10.4310/jdg/1214429059},
  urldate = {2021-02-13},
  langid  = {english},
}

@book{oneill1983SemiRiemannianGeometryApplications,
  title      = {Semi-{{Riemannian}} Geometry: With Applications to Relativity},
  shorttitle = {Semi-{{Riemannian}} Geometry},
  author     = {O'Neill, Barrett},
  year       = {1983},
  series     = {Pure and Applied Mathematics},
  number     = {103},
  publisher  = {{Academic Press}},
  address    = {{New York}},
  isbn       = {978-0-12-526740-3},
  lccn       = {QA3 QA649 .P8 vol. 103},
  keywords   = {Calculus of tensors,Manifolds (Mathematics),Relativity (Physics),Semi-Riemannian geometry},
}

@book{robinson1996CourseTheoryGroups,
  title     = {A Course in the Theory of Groups},
  author    = {Robinson, Derek John Scott},
  year      = {1996},
  series    = {Graduate Texts in Mathematics},
  edition   = {2nd ed},
  number    = {80},
  publisher = {{Springer-Verlag}},
  address   = {{New York}},
  isbn      = {978-0-387-94461-6},
  lccn      = {QA174.2 .R63 1995},
  keywords  = {Group theory}
}

@book{ross2010FirstCourseProbability,
  title      = {A First Course in Probability},
  author     = {Ross, Sheldon M.},
  year       = {2010},
  edition    = {8th ed},
  publisher  = {{Pearson Prentice Hall}},
  address    = {{Upper Saddle River, N.J}},
  isbn       = {978-0-13-603313-4},
  lccn       = {QA273 .R83 2010},
  keywords   = {Probabilities,Textbooks},
  annotation = {OCLC: ocn237199460}
}

@book{ross2009IntroductionProbabilityStatistics,
  title     = {Introduction to Probability and Statistics for Engineers and Scientists},
  author    = {Ross, Sheldon M.},
  year      = {2009},
  edition   = {4. ed},
  publisher = {{Academic Press}},
  address   = {{Amsterdam, Heidelberg}},
  isbn      = {978-0-12-370483-2},
  langid    = {english}
}

@book{rotman1995IntroductionTheoryGroups,
  title     = {An Introduction to the Theory of Groups},
  author    = {Rotman, Joseph J.},
  year      = {1995},
  series    = {Graduate Texts in Mathematics},
  edition   = {4th ed},
  number    = {148},
  publisher = {{Springer-Verlag}},
  address   = {{New York}},
  isbn      = {978-0-387-94285-8 978-3-540-94285-6},
  lccn      = {QA174.2 .R67 1995},
  keywords  = {Group theory}
}

@book{rudin2017PrinciplesMathematicalAnalysis,
  title        = {Principles of Mathematical Analysis},
  year         = {2017},
  edition      = {3rd edition, 19th reprint 2017},
  publisher    = {{McGraw Education (india) Private Limited}},
  address      = {{Chennai}},
  collaborator = {Rudin, Walter},
  isbn         = {978-1-259-06478-4},
  langid       = {english},
  annotation   = {OCLC: 1030574617}
}

@book{segal1983PolycyclicGroups,
  title     = {Polycyclic Groups},
  author    = {Segal, Daniel Alan and Segal, Daniel},
  year      = {1983},
  series    = {Cambridge Tracts in Mathematics},
  number    = {82},
  publisher = {{Cambridge Univ. Press}},
  address   = {{Cambridge}},
  isbn      = {978-0-521-24146-5},
  langid    = {english},
}

@article{simons1968MinimalVarietiesRiemannian,
  title      = {Minimal {{Varieties}} in {{Riemannian Manifolds}}},
  author     = {Simons, James},
  year       = {1968},
  journal    = {The Annals of Mathematics},
  volume     = {88},
  number     = {1},
  eprint     = {1970556},
  eprinttype = {jstor},
  pages      = {62},
  issn       = {0003486X},
  doi        = {10.2307/1970556},
  urldate    = {2023-05-07}
}

@book{srivastava1998CourseBorelSets,
  title     = {A {{Course}} on {{Borel Sets}}},
  author    = {Srivastava, S. M.},
  year      = {1998},
  series    = {Graduate {{Texts}} in {{Mathematics}}},
  volume    = {180},
  publisher = {{Springer New York}},
  address   = {{New York, NY}},
  doi       = {10.1007/b98956},
  urldate   = {2018-10-16},
  isbn      = {978-0-387-98412-4 978-0-387-22767-2},
  langid    = {english},
}

@book{tenenblatketi2022IntroducaoGeometriaDiferencial,
  title     = {{Introdu{\c c}{\~a}o {\`A} Geometria Diferencial}},
  author    = {Tenenblat, Keti},
  year      = {2022},
  publisher = {{Editora Edgard Blucher}},
  isbn      = {978-85-212-0467-1},
  langid    = {brazilian}
}

@article{tokura2022FinslerianWarpedProduct,
  title     = {On {{Finslerian Warped Product Gradient Yamabe Solitons}}},
  author    = {Tokura, W. and Adriano, L. and Pina, R. and Barboza, M.},
  year      = {2022},
  journal   = {Bulletin of the Brazilian Mathematical Society, New Series},
  issn      = {1678-7544, 1678-7714},
  doi       = {10.1007/s00574-022-00286-9},
  urldate   = {2022-03-20},
  langid    = {english}
}

@article{tokura2019WarpedProductGradient,
  title     = {On Warped Product Gradient {{Yamabe}} Solitons},
  author    = {Tokura, W. and Adriano, L. and Pina, R. and Barboza, M.},
  year      = {2019},
  journal   = {Journal of Mathematical Analysis and Applications},
  volume    = {473},
  number    = {1},
  pages     = {201--214},
  issn      = {0022247X},
  doi       = {10.1016/j.jmaa.2018.12.044},
  urldate   = {2019-01-24},
  langid    = {english},
}

@article{zhang2008CompletenessGradientRicci,
  title         = {On the {{Completeness}} of {{Gradient Ricci Solitons}}},
  author        = {Zhang, Zhu-Hong},
  year          = {2008},
  number        = {arXiv:0807.1581},
  eprint        = {0807.1581},
  primaryclass  = {math},
  publisher     = {{arXiv}},
  urldate       = {2023-03-16},
  archiveprefix = {arxiv},
  keywords      = {Mathematics - Differential Geometry},
}
